
@STRING{AI = "Artificial Intelligence"}
@string{AIM2008 = "Proc 2008 {IEEE/ASME} Int Conf on Advanced Intelligent Mechatronics"}%, Xi'an, China, July 2-5}
@string{ASSP1999 ="Proc {IEEE} Int Conf on Acoustics, Speech and Signal Processing"}%, Phoenix AZ, USA"}

% Forerunner of BMVC, then BMCW
@STRING{AVC1985 = "Proc 1st Alvey Vision Conference"}%, Brighton, UK"}
@STRING{AVC1986 = "Proc 2st Alvey Vision Conference"}%, Bristol, UK
@STRING{AVC1987 = "Proc 3rd Alvey Vision Conference"}%, Cambridge, UK
@STRING{AVC1988 = "Proc 4th Alvey Vision Conference"}%, Manchester, UK
@STRING{AVC1989 = "Proc 5th Alvey Vision Conference"}%, Reading, UK
@STRING{BMVC1990 = "Proc 1st British Machine Vision Conference"}%, Oxford, UK
@STRING{BMVC1991 = "Proc 2nd British Machine Vision Conference"}%, Glasgow, UK
@STRING{BMVC1992 = "Proc 3rd British Machine Vision Conference"}%, Leeds,UK 
@STRING{BMVC1993 = "Proc 4th British Machine Vision Conference"}%, Guildford, UK"}
@STRING{BMVC1994 = "Proc 5th British Machine Vision Conference"}%, York, UK"}
@STRING{BMVC1995 = "Proc 6th British Machine Vision Conference"}%, Birmingham, UK"}
@STRING{BMVC1996 = "Proc 7th British Machine Vision Conference"}%, Edinburgh, UK"}
@STRING{BMVC1997 = "Proc 8th British Machine Vision Conference"}%, Colchester, UK"}
@STRING{BMVC1998 = "Proc 9th British Machine Vision Conference"}%, Southampton, UK"}
@STRING{BMVC1999 = "Proc 10th British Machine Vision Conference"}%, Nottingham, UK"}
@STRING{BMVC2000 = "Proc 11th British Machine Vision Conference"}%, Bristol, UK"},
@string{BMVC2001 = "Proc 12th British Machine Vision Conference"}%, Manchester, UK"},
@string{BMVC2002 = "Proc 13th British Machine Vision Conference"}%, Cardiff, UK"},
@string{BMVC2002 = "Proc 14th British Machine Vision Conference"}%, Norwich, UK"},
@string{BMVC2004 = "Proc 15th British Machine Vision Conference"}%, Kingston, UK"},
@string{BMVC2005 = "Proc 16th British Machine Vision Conference"}%, Oxford, UK"},
@string{BMVC2006 = "Proc 16th British Machine Vision Conference"}%, Edinburgh, UK, Sep 4-7, 2006"},
@string{BMVC2007 = "Proc 17th British Machine Vision Conference"}%, Warwick, UK, Sep 10-13, 2007"},
@string{BMVC2008 = "Proc 18th British Machine Vision Conference"}%, Leeds, UK Sep 1-4, 2008"},
@string{BMVC2009 = "Proc 19th British Machine Vision Conference"}%, London, UK, 2009"},
@string{BMVC2010 = "Proc 20th British Machine Vision Conference"}
@string{BMVC2011 = "Proc 21st British Machine Vision Conference"}



@STRING{CDC1988="Proc Int Conf on Decision and Control"}
@STRING{CHI1997="Proc ACM Conference on Human Factors in Computing Systems"}%, Atlanta GA,     22-27 Mar 1997"}
@STRING{CHI1998="Proc ACM Conference on Human Factors in Computing Systems"}%, Los Angeles CA, 18-23 Apr 1998"}
@STRING{China = "Proc Joint Europe-China Workshop on Geometrical Modelling and Invariants for Computer Vision"}%, Xi'an, China"}


@STRING{CVGIP = "Computer Vision, Graphics, and Image Processing"}
@STRING{CVGIPIU = "{CVGIP}: Image Understanding"}
@STRING{CVIU = "Computer Vision and Image Understanding"}

%@STRING{CVPR =   "Proc {IEEE} Conf on Computer Vision and Pattern Recognition"}
@string{CVPR1994 ="Proc 16th {IEEE} Conf on Computer Vision and Pattern Recognition"}%, Seattle WA,     June 21-23, 1994"}
@string{CVPR1998 ="Proc 17th {IEEE} Conf on Computer Vision and Pattern Recognition"}%,                 June 23-25, 1998"}
@string{CVPR1999 ="Proc 18th {IEEE} Conf on Computer Vision and Pattern Recognition"}%, Denver CO,      June 18-20, 1999"}
@string{CVPR2000 ="Proc 19th {IEEE} Conf on Computer Vision and Pattern Recognition"}%, Hilton Head SC, June        2000"}
@string{CVPR2001 ="Proc 20th {IEEE} Conf on Computer Vision and Pattern Recognition"}%, Kauau Hawaii,               2001"}
@string{CVPR2003 ="Proc 21st {IEEE} Conf on Computer Vision and Pattern Recognition"}%, Madison WI,     June 18-20, 2003"}
@string{CVPR2004 ="Proc 22nd {IEEE} Conf on Computer Vision and Pattern Recognition"}%, Washington DC,              2004"}
@string{CVPR2005 ="Proc 23rd {IEEE} Conf on Computer Vision and Pattern Recognition"}%, San Diego CA,               2005"}
@string{CVPR2006 ="Proc 24th {IEEE} Conf on Computer Vision and Pattern Recognition"}%, New York NY,    June 17-22, 2006"}
@string{CVPR2007 ="Proc 25th {IEEE} Conf on Computer Vision and Pattern Recognition"}%, Minneapolis MN, June 18-23, 2007"}
@string{CVPR2008 ="Proc 26th {IEEE} Conf on Computer Vision and Pattern Recognition"}%, Anchorage,      June 24-26, 2008"}
@string{CVPR2009 ="Proc 27th {IEEE} Conf on Computer Vision and Pattern Recognition"}%, Anchorage,      June 24-26, 2008"}
@string{CVPR2010 ="Proc 28th {IEEE} Conf on Computer Vision and Pattern Recognition"}%, Anchorage,      June 24-26, 2008"}


@string{DICTA2002="Proc 6th Conf on  Digital Image Computing: Techniques and Applications"}%, Melbourne Australia, Jan 21-22, 2002"}

%@STRING{ECCV =  "Proc European Conf on Computer Vision"}
@STRING{ECCV1990 = "Proc 1st European Conf on Computer Vision"}%, Antibes, France"}
@STRING{ECCV1992 = "Proc 2nd European Conf on Computer Vision"}%, Santa Margharita Ligure, Italy"}
@STRING{ECCV1994 = "Proc 3rd European Conf on Computer Vision"}%, Stockholm"}
@STRING{ECCV1996 = "Proc 4th European Conf on Computer Vision"}%, Cambridge"}
@string{ECCV1998 = "Proc 5th European Conf on Computer Vision"}%, Freiburg"}
@string{ECCV2000 = "Proc 6th European Conf on Computer Vision"}%, Dublin"}
@STRING{ECCV2002 = "Proc 7th European Conf on Computer Vision"}%, Copenhagen"}
@STRING{ECCV2004 = "Proc 8th European Conf on Computer Vision"}%, Prague"}
@STRING{ECCV2006 = "Proc 9th European Conf on Computer Vision"}%, Graz"}
@STRING{ECCV2008 = "Proc 10th European Conf on Computer Vision"}%, Marseille"}
@STRING{ECCV2009 = "Proc 11th European Conf on Computer Vision"}%, Marseille"}
@STRING{ECCV2010 = "Proc 12th European Conf on Computer Vision"}%, Marseille"}

@STRING{HARVARD = "Harvard Robotics Laboratory"}

@string{HUC1999  ="Proc Workshop on Handheld and Ubiquitous Computing"}%, Karlsruhe, Sep 27-29, 1999"}

@String{ICAFGR 	= "Proc of the {IEEE} Conf on Automatic Face and Gesture Recognition"}

@STRING{ICARCV2 = "Proc 2nd Int. Conf Automation, Robotics and Computer Vision"}
@STRING{ICARCV1992="Proc Int Conf on Automation, Robotics and Computer Vision"}%, Singapore, 1992

@STRING{ICCV1987 = "Proc 1st {IEEE} Int Conf on Computer Vision"}%, London, UK,              June,       1987"}
@STRING{ICCV1990 = "Proc 2nd {IEEE} Int Conf on Computer Vision"}%, Tampa FL, USA,                       1990"}                    
@STRING{ICCV1991 = "Proc 3rd {IEEE} Int Conf on Computer Vision"}%, Osaka, Japan                         1991"}
@STRING{ICCV1993 = "Proc 4th {IEEE} Int Conf on Computer Vision"}%, Berlin, Germany                      1993"}
@string{ICCV1995 = "Proc 5th {IEEE} Int Conf on Computer Vision"}%, Boston MA, USA,          June 20-23, 1995"}
@STRING{ICCV1998 = "Proc 6th {IEEE} Int Conf on Computer Vision"}%, Bombay, India,                       1998"}
@STRING{ICCV1999 = "Proc 7th {IEEE} Int Conf on Computer Vision"}%, Kerkyra, Greece,                     1999"}
@STRING{ICCV2001 = "Proc 8th {IEEE} Int Conf on Computer Vision"}%, Vancouver, Canada,                   2001"}
@string{ICCV2003 = "Proc 9th {IEEE} Int Conf on Computer Vision"}%, Nice, France,            Oct 13-16,  2003"}
@string{ICCV2005 = "Proc 10th {IEEE} Int Conf on Computer Vision"}%,Biejing, China,          Oct 15-21,  2005"}
@string{ICCV2007 = "Proc 11th {IEEE} Int Conf on Computer Vision"}%,Rio de Janeiro, Brazil,  Oct 14-20,  2007"}
@string{ICCV2009 = "Proc 12th {IEEE} Int Conf on Computer Vision"}
@string{ICCV2011 = "Proc 13th {IEEE} Int Conf on Computer Vision"}


@String{icip4 	= "Proc 4th Int Conf on Image Processing, Santa Barbara CA, USA"}
@String{ICIP1997 = "Proc 4th Int Conf on Image Processing, Santa Barbara CA, USA"}
@String{ICIP2000 = "Proc {IEEE} Int Conf on Image Processing, Vancouver BC, Canada"}

@String{icpr1992= "Proc 11th Int Conf on Pattern Recognition"}%, The Hague, Netherlands"}
@String{icpr1994= "Proc 12th Int Conf on Pattern Recognition"}%, Jerusalem, Israel"}
@String{icpr1996= "Proc 13th Int Conf on Pattern Recognition"}%, Vienna, Austria"}
@String{icpr1998= "Proc 14th Int Conf on Pattern Recognition"}%, Brisbane, Australia"}
@String{icpr2000= "Proc 15th Int Conf on Pattern Recognition"}%, Barcelona, Spain"}

@STRING{ICRA     ="Proc {IEEE} Int Conf on Robotics and Automation"}
@string{ICRA1994 ="Proc 1994 {IEEE} Int Conf on Robotics and Automation"}%, San Diego CA, USA, May 1994"}
@string{ICRA2001 ="Proc 2001 {IEEE} Int Conf on Robotics and Automation"}%, 2001"}
@string{ICRA2002 ="Proc 2002 {IEEE} Int Conf on Robotics and Automation"}%, Washington DC,USA, May 11-15, 2002"}
@string{ICRA2003 ="Proc 2003 {IEEE} Int Conf on Robotics and Automation"}%,                                   "}
@string{ICRA2004 ="Proc 2004 {IEEE} Int Conf on Robotics and Automation"}%,                                   "}
@string{ICRA2005 ="Proc 2005 {IEEE} Int Conf on Robotics and Automation"}%, Barcelona, Spain,  Apr 18-22, 2005"}
@string{ICRA2006 ="Proc 2006 {IEEE} Int Conf on Robotics and Automation"}%, Orlando FL, USA,   May 15-19, 2006"}
@string{ICRA2007 ="Proc 2007 {IEEE} Int Conf on Robotics and Automation"}%, Roma, Italy,       Apr 10-14, 2007"}
@string{ICRA2008 ="Proc 2008 {IEEE} Int Conf on Robotics and Automation"}%, Pasadena CA, USA,  May 19-23, 2008"}
@string{ICRA2009 ="To be presented, Proc 2009 {IEEE} Int Conf on Robotics and Automation, May 2009"}%, Japan,  May , 2009"}


@STRING{IEEE = "Proc {IEEE}"}

@STRING{IJCAI2003 = "Int Joint Conference on Artificial Intelligence, 2003"}
@STRING{IJCV = "International Journal of Computer Vision"}
@STRING{IJCVV = "International Journal of Computer Vision"}
@STRING{IJPRAI = "International Journal of Pattern Recognition in Artificial Intelligence"}
@STRING{IJRR = "International Journal of Robotics Research"}

@STRING{IROS     ="Proc {IEEE/RSJ} Conf on Intelligent Robots and Systems"}
@string{IROS1993 ="Proc {IEEE/RSJ} Conf on Intelligent Robots and Systems, Tokyo, Japan, 1993"}
@string{IROS2001 ="Proc {IEEE/RSJ} Conf on Intelligent Robots and Systems, Maui HI, USA, Oct 2001"}
@string{IROS2002 ="Proc {IEEE/RSJ} Conf on Intelligent Robots and Systems, Lausanne, Switzerland, Oct 2-4, 2002"}
@string{IROS2005 ="Proc {IEEE/RSJ} Conf on Intelligent Robots and Systems, Edmonton, Canada, Aug 2-6, 2005"}
@string{IROS2006 ="Proc {IEEE/RSJ} Conf on Intelligent Robots and Systems, Beijing, China, Oct 9-15, 2006"}
@string{IROS2007 ="Proc {IEEE/RSJ} Conf on Intelligent Robots and Systems, San Diego CA, USA, Oct 12-Nov 2, 2007"}
@string{IROS2008 ="Proc {IEEE/RSJ} Conf on Intelligent Robots and Systems, Nice, France, Sep 22-26, 2008"}
@string{IROS2009 ="Proc {IEEE/RSJ} Conf on Intelligent Robots and Systems, St Louis MO, USA, Oct 11-15, 2009"}


@STRING{ICML     ="Proc Int Conf on Machine Learning"}


@string{ISMAR2004="Proc 3rd {IEEE}/{ACM} Int Symp on Mixed and Augmented Reality, Arlington, VA, USA, Nov 2-5,  2004"}
@string{ISMAR2005="Proc 4th {IEEE}/{ACM} Int Symp on Mixed and Augmented Reality, Vienna, Austria,    Oct 5-8,  2005"}
@string{ISMAR2006="Proc 5th {IEEE}/{ACM} Int Symp on Mixed and Augmented Reality, Santa Barbara CA,   Oct 22-25, 2006"}
@string{ISMAR2007="Proc 6th {IEEE}/{ACM} Int Symp on Mixed and Augmented Reality, Nara, Japan         Nov 13-16, 2007"}
@string{ISMAR2008="Proc 7th {IEEE}/{ACM} Int Symp on Mixed and Augmented Reality, Cambridge, UK,      Sep 15-18, 2008"}


@STRING{ISRR3    ="Proc 3rd Int. Symposium on Robotics Research"}
@STRING{ISRR4    ="Proc 4th Int. Symposium on Robotics Research"}
@string{ISRR1999 ="Proc 9th Int Symp on Robotics Research, Snowbird UT, 1999"}
@string{ISRR2003 ="Proc     Int Symp on Robotics Research, Siena, Italy, 2003"}
@string{ISRR2005 ="Proc     Int Symp on Robotics Research, 2005"}

@string{ISVC2005 ="Proc 1st Int Symp on Visual Computing, Lake Tahoe Nevada, December 5-7, 2005"}
@string{ISVC2006 ="Proc 2nd Int Symp on Visual Computing, Lake Tahoe Nevada, November 6-8, 2006"}


@string{ISWC1998 ="Proc  2nd {IEEE} Int Symp on Wearable Computing, Pittsburgh PA, USA,    Oct 19-20, 1998"}
@string{ISWC1999 ="Proc  3rd {IEEE} Int Symp on Wearable Computing, San Francisco CA, USA, Oct 18-19, 1999"}
@string{ISWC2000 ="Proc  4th {IEEE} Int Symp on Wearable Computing, Atlanta GA, USA,       Oct 16-17, 2000"}
@string{ISWC2001 ="Proc  5th {IEEE} Int Symp on Wearable Computing, Zurich, Switzerland,   Oct 8-9,   2001"}
@string{ISWC2002 ="Proc  6th {IEEE} Int Symp on Wearable Computing, Seattle WA, USA,       Oct 7-10,  2002"}
@string{ISWC2003 ="Proc  7th {IEEE} Int Symp on Wearable Computing, White Plains NY, USA,  Oct 21-23, 2003"}
@string{ISWC2004 ="Proc  8th {IEEE} Int Symp on Wearable Computing,  Arlington VA, USA,    Oct,       2004"}
@string{ISWC2005 ="Proc  9th {IEEE} Int Symp on Wearable Computing,                                   2005"}
@string{ISWC2006 ="Proc 10th {IEEE} Int Symp on Wearable Computers, Montreux, Switzerland, Oct 11-14, 2006"}
@string{ISWC2007 ="Proc 11th {IEEE} Int Symp on Wearable Computers, Boston MA, USA,        Oct 11-13, 2007"}
@string{ISWC2008 ="Proc 12th {IEEE} Int Symp on Wearable Computers, Pittsburgh PA, USA, Sep 28-Oct 1, 2008"}

@STRING{IVC = "Image and Vision Computing"}

@string{IWMMSS02 ="Proc 1st Int Workshop on Man-Machine Symbiotic Systems, Kyoto, Japan, 2002"}


@String{jmiv 	= "Journal of Mathematical Imaging and Vision"}
@STRING{JOSA = "Journal of the Optical Society of America"}
@STRING{JRA = "{IEEE} Journal of Robotics and Automation"}

@STRING{MVA1 = "Proc 1st {IAPR} Workshop on Machine Vision Applications"}
@STRING{MVA2 = "Proc 2nd {IAPR} Workshop on Machine Vision Applications"}
@STRING{MVA3 = "Proc 3rd {IAPR} Workshop on Machine Vision Applications"}
@String{mva4 = "Proc 4th {IAPR} Workshop on Machine Vision Applications"}
@String{MVA5 = "Proc 5th {IAPR} Workshop on Machine Vision Applications"}
@STRING{MVA90   = "Proc 1st {IAPR} Workshop on Machine Vision Applications"}
@STRING{MVA1990 = "Proc 1st {IAPR} Workshop on Machine Vision Applications"}
@STRING{MVA1992 = "Proc 2nd {IAPR} Workshop on Machine Vision Applications"}
@STRING{MVA1994 = "Proc 3rd {IAPR} Workshop on Machine Vision Applications"}
@String{mva1996 = "Proc 4th {IAPR} Workshop on Machine Vision Applications"}
@String{MVA1998 = "Proc 5th {IAPR} Workshop on Machine Vision Applications"}

@STRING{MVA   = "Int Journal of Machine Vision and Applications"}

@String{PERS 	= "Photogrammetric Engineering and Remote Sensing"}
@STRING{PERVASIVE2004 = "Proc Conf on Pervasive Computing, Vienna, Apr 18-23, 2004"}
@String{pieee 	= "Proc of the {IEEE}"}
@String{presence = "Presence: Teleoperators and Virtual Environments"}
@String{PROCIEEE="Proceedings of the {IEEE}"}

@STRING{PRSL = "Proceedings of the Royal Society of London"}
@STRING{PTRSLA = "Phil. Trans. R. Soc. Lond. A"}
@STRING{PTRSLB = "Phil. Trans. R. Soc. Lond. B"}



@STRING{SMILE2000 = "2nd European Workshop on 3D Structure from
                  Multiple Images of Large-Scale Environments,
                  ({SMILE} 2000), Dublin, Eire, July 12, 2000. Revised papers"},


@STRING{TAC = "{IEEE} Transactions on Automatic Control"}
@String{ ac = "{IEEE} Transactions on Automatic Control"}

@STRING{TAES = "{IEEE} Transactions on Aerospace and Electrical Systems"}

@STRING{TSMC = "{IEEE} Transactions on Systems, Man, and Cybernetics"}
@STRING{SMC  = "{IEEE} Transactions on Systems, Man, and Cybernetics"}
@STRING{TSMC-A = "{IEEE} Transactions on Systems, Man, and Cybernetics, Part A"}
@STRING{TSMC-B = "{IEEE} Transactions on Systems, Man, and Cybernetics, Part B"}
@STRING{TSMC-C = "{IEEE} Transactions on Systems, Man, and Cybernetics, Part C"}

@String{TASSP= "{IEEE} Transactions on Acoustics, Speech and Signal Processing"}
@String{assp = "{IEEE} Transactions on Acoustics, Speech and Signal Processing"}
@STRING{TPAMI= "{IEEE} Transactions on Pattern Analysis and Machine Intelligence"}
@STRING{PAMI = "{IEEE} Transactions on Pattern Analysis and Machine Intelligence"}
@STRING{TRA  = "{IEEE} Transactions on Robotics and Automation"}
@STRING{TRO  = "{IEEE} Transactions on Robotics"}
@STRING{TASE  = "{IEEE} Transactions on Automation Science and Engineering"}

@STRING{WACV94 = "Proc 2nd IEEE Workshop on Applications of Computer Vision, Sarasota FL, USA"}
@STRING{WRVS = "Proc IEEE Workshop on Representations of Visual Scenes, Boston MA, USA"}



@STRING(EMNLP = "Proc Conf on Empirical Methods in Natural Language Processing")