% TODO: create "ConfStrings.tex" and move these there
@STRING{CVPR = "CVPR"}
@STRING{ECCV = "ECCV"}
@STRING{ICCV = "ICCV"}
@STRING{MI = "Machine Intelligence"}
@STRING{AI = "Artificial Intelligence"}
@STRING{PAMI = "PAMI"}
@StRING{IJCV = "IJCV"}


@INPROCEEDINGS{Gould09,
  title={Decomposing a Scene into Geometric and Semantically Consistent Regions},
  author={Stephen Gould and Richard Fulton and Daphne Koller},
  booktitle = ICCV2009,
  year={2009},
  month={},
  volume={2},
  number={},
  ISSN={},
}

@INPROCEEDINGS{Xiao09,
  title={Multiple View Semantic Segmentation for Street-view Images},
  author={Jianxiong Xiao and Long Quan},
  booktitle = ICCV2009,
  year={2009},
  month={},
  volume={2},
  number={},
  ISSN={},
}

@ARTICLE{Torralba03,
  author =	 {Antonio Torralba},
  title =	 {Contextual priming for object detection},
  journal =	 IJCV,
  volume =	 53,
  number =	 2,
  pages =	 {169--191},
  year =	 2003,
}

@article{Kolmogorov02,
    author = {Vladimir Kolmogorov and Ramin Zabih},
    title = {What Energy Functions can be Minimized via Graph Cuts?},
    year = {2002},
    journal = PAMI
}

@article{Huffman71,
    author = {Huffman, D. A.},
    citeulike-article-id = {4294759},
    journal = MI,
    keywords = {calligraphic, design, sketch, sketching, skrui},
    pages = {295--323},
    posted-at = {2009-04-09 16:21:52},
    priority = {0},
    title = {Impossible Objects as Nonsense Sentences},
    volume = {6},
    year = {1971}
}

@ARTICLE{Sugihara82, 
author={Sugihara, Kokichi}, 
journal=PAMI,
 title={Mathematical Structures of Line Drawings of Polyhedrons}, 
year={1982}, 
month={sept. }, 
volume={4}, 
number={5}, 
pages={458 -469}, 
keywords={}, 
doi={10.1109/TPAMI.1982.4767289}, 
ISSN={0162-8828},
}

@book{Criminisi01,
 author={Criminisi, Antonio},
 title={Accurate visual metrology from single and multiple uncalibrated images},
 year={2001},
 isbn={1-85233-468-1},
 publisher={Springer-Verlag New York, Inc.},
 address={New York, NY, USA},
 }
@article{Kanade80,
   author = "Takeo Kanade",
   title = "A Theory of Origami World",
   journal = AI,
   pages = "279-311",
   month = "June",
   year = "1980",
   volume = "13",
}

@techreport{Waltz72,
 author = {Waltz, David L.},
 title = {Generating Semantic Descriptions From Drawings of Scenes With Shadows},
 year = {1972},
 publisher = {MIT},
 institution = {MIT},
}

@INPROCEEDINGS{Liebowitz98, 
title={Metric rectification for perspective images of planes}, 
author={Liebowitz, D. and Zisserman, A.}, 
booktitle={Computer Vision and Pattern Recognition, 1998. Proceedings. 1998 IEEE Computer Society Conference on}, 
year={1998}, 
month={Jun}, 
volume={}, 
number={}, 
pages={482-488}, 
keywords={calibration, computational geometry, computer vision, maximum likelihood estimationaffine transformation, algorithmic implementation, calibration, direct rectification, geometry constraints, internal camera parameters, maximum likelihood estimator, metric information, metric rectification, perspective image, perspective images, stratified context, texture map acquisition, vanishing points, world plane}, 
doi={10.1109/CVPR.1998.698649}, 
ISSN={1063-6919},
}

@inproceedings{Tuytelaars97,
 author = {Tuytelaars, Tinne and Proesmans, Marc and Gool, Luc J. Van},
 title = {The Cascaded {H}ough Transform as Support for Grouping and Finding Vanishing Points and Lines},
 booktitle = {AFPAC '97: Proceedings of the International Workshop on Algebraic Frames for the Perception-Action Cycle},
 year = {1997},
 isbn = {3-540-63517-3},
 pages = {278--289},
 publisher = {Springer-Verlag},
 address = {London, UK},
}

@inproceedings{Brostow08,
 author = {Brostow, Gabriel J. and Shotton, Jamie and Fauqueur, Julien and Cipolla, Roberto},
 title = {Segmentation and Recognition Using Structure from Motion Point Clouds},
 booktitle = ECCV2008,
 year = {2008},
 isbn = {978-3-540-88681-5},
 pages = {44--57},
 location = {Marseille, France},
 doi = {http://dx.doi.org/10.1007/978-3-540-88682-2_5},
 publisher = {Springer-Verlag},
 address = {Berlin, Heidelberg},
 }

@INPROCEEDINGS{Golovinskiy09,
  title={Shape-based Recognition of 3D Point Clouds in Urban Environments},
  author={Aleksey Golovinskiy and Vladimir G. Kim and Thomas Funkhouser},
  booktitle = ICCV2009,
  year={2009},
  month={},
  volume={2},
  number={},
  ISSN={},
}

@INPROCEEDINGS{Tardif09,
  title={Non-Iterative Approach for Fast and Accurate Vanishing Point Detection},
  author={Jean-Philippe Tardif},
  booktitle = ICCV2009,
  year={2009},
  month={},
  volume={2},
  number={},
  ISSN={},
}

@ARTICLE{Boykov01, 
author={Boykov, Y. and Veksler, O. and Zabih, R.}, 
journal={Pattern Analysis and Machine Intelligence, IEEE Transactions on},
title={Fast approximate energy minimization via graph cuts}, 
year={2001}, 
month={nov}, 
volume={23}, 
number={11}, 
pages={1222 -1239}, 
doi={10.1109/34.969114}, 
ISSN={0162-8828},}

@INPROCEEDINGS{Hedau09,
  title={Recovering the Spatial Layout of Cluttered Rooms},
  author={Varsha Hedau and Derek Hoiem and David Forsyth},
  booktitle = ICCV,
  year={2009},
  month={},
  volume={2},
  number={},
  ISSN={},
}

@article{Furukawa09,
author = {Y. Furukawa and B. Curless and S.M. Seitz and R. Szeliski},
title = {Manhattan-world stereo},
journal = CVPR,
volume = {0},
year = {2009},
isbn = {978-1-4244-3992-8},
pages = {1422-1429},
doi = {http://doi.ieeecomputersociety.org/10.1109/CVPRW.2009.5206867},
publisher = {IEEE Computer Society},
address = {Los Alamitos, CA, USA},
}

@ARTICLE{Viola01,
  author =	 {Paul A. Viola and Michael J. Jones},
  title =	 {Robust Real-time Object Detection},
  journal =	 IJCV,
  volume =	 57,
  number =	 2,
  pages =	 {137-154},
  year =	 2004
}

@INPROCEEDINGS{Mozos05,
  author =   {Mozos, O.M. and Stachniss, C. and Burgard, W.},
  title =    {Supervised Learning of Places from Range Data using
                  AdaBoost},
  booktitle = ICRA2005,
  year =      2005,
  pages =     {1730--1735},
}

@ARTICLE{Torralba03,
  author =	 {Antonio Torralba},
  title =	 {Contextual priming for object detection},
  journal =	 IJCV,
  volume =	 53,
  number =	 2,
  pages =	 {169--191},
  year =	 2003,
}

@INPROCEEDINGS{Heitz08,
  author =	 {Geremy Heitz and Daphne Koller},
  title =	 {Learning Spatial Context: Using Stuff to Find
                  Things},
  booktitle =	 ECCV2008,
  pages =	 {30--43},
  year =	 2008,
}

@INPROCEEDINGS{Hoiem06,
  author =	 {Derek Hoiem and Alexei A. Efros and Martial
                  H{\'{e}}bert},
  title =	 {Putting objects in perspective},
  booktitle =	 CVPR2006,
  pages =	 {2137--2144},
  year =	 2006,
}

@INPROCEEDINGS{Schmid06,
  author =	 {S. Lazebnik and Cordelia Schmid and Jean Ponce},
  title =	 {Beyond bags of features: Spatial pyramid matching
                  for recognizing natural scene categories},
  booktitle =	 CVPR2006,
  volumne =	 2,
  pages =	 {2169--2178},
  year =	 2006,
}

@INPROCEEDINGS{Fei-fei04,
  author =	 {L. {Fei-Fei}, R. Fergus and P. Perona},
  title =	 {Learning generative visual models from few training
                  examples: an incremental {B}ayesian approach tested
                  on 101 object categories},
  booktitle =	 {Proc CVPR Workshop on Generative-Model Based Vision},
  pages =	 {2169--2178},
  year =	 2004,
}

@INPROCEEDINGS{Fei-fei05,
  author =	 {Li {Fei-Fei}},
  title =	 {A {B}ayesian hierarchical model for learning natural
                  scene categories},
  booktitle =	 CVPR2005,
  pages =	 {524--531},
  year =	 2005,
}

@ARTICLE{Azuma97,
  author =	 {Ronald T. Azuma},
  title =	 {A Survey of Augmented Reality},
  journal =	 {Presence},
  year =	 1997,
  volume =	 6,
  pages =	 {355--385}
}

@INCOLLECTION{Thrun02,
  author =	 {Sebastian Thrun},
  title =	 {Robotic mapping: A survey},
  booktitle =	 {Exploring Artificial Intelligence in the New
                  Millenium},
  editors =	 {G Lakemeyer and B Nebel},
  pages =	 {1--35},
  year =	 2002,
  publisher =	 {Morgan Kaufmann},
  address =	 {San Francisco CA, USA},
}

@INPROCEEDINGS{Sudderth05,
  author =	 {Erik B. Sudderth and Antonio Torralba and William
                  T. Freeman and Alan S. Willsky},
  title =	 {Learning hierarchical models of scenes, objects, and
                  parts},
  booktitle =	 ICCV2005,
  pages =	 {1331--1338},
  year =	 2005,
}

@ARTICLE{Oliva01,
  author =	 {Aude Oliva and Antonio Torralba},
  title =	 {Modeling the shape of the scene: A holistic
                  representation of the spatial envelope},
  journal =	 IJCV,
  volume =	 42,
  number =	 3,
  pages =	 {145--175},
  year =	 2001,
}

@article{Varma05,
  author =	 {Manik Varma and Andrew Zisserman},
  title =	 {A Statistical Approach to Texture Classification
                  from Single Images},
  journal =	 IJCV,
  volume =	 62,
  number =	 {1-2},
  pages =	 {61--81},
  year =	 2005,
  doi =		 {http://dx.doi.org/10.1007/s11263-005-4635-4},
  issn =	 {0920-5691},
}

@article{Leung01,
  author =	 {Thomas Leung and Jitendra Malik},
  title =	 {Representing and Recognizing the Visual Appearance
                  of Materials using Three-dimensional Textons},
  journal =	 IJCV,
  volume =	 43,
  number =	 1,
  pages =	 {29--44},
  year =	 2001,
  issn =	 {0920-5691},
  doi =		 {http://dx.doi.org/10.1023/A:1011126920638},
  publisher =	 {Kluwer Academic Publishers},
  address =	 {Hingham, MA, USA},
}

@ARTICLE{Shufelt99,
title={Performance evaluation and analysis of vanishing point detection techniques}, 
author={Shufelt, J.A.}, 
journal={Pattern Analysis and Machine Intelligence, IEEE Transactions on}, 
year={1999}, 
month={Mar}, 
volume={21}, 
number={3}, 
pages={282-288}, 
keywords={computer vision, edge detection, remote sensing3D line orientation extraction, Gaussian sphere, Gaussian sphere representation, complex aerial imagery, computer vision systems, interpretation plane error modeling, object detection, performance analysis, performance evaluation, perspective, primitive-based vanishing point analysis, robust vanishing point detection, vanishing point detection techniques}, 
doi={10.1109/34.754631}, 
ISSN={0162-8828},
}

@INPROCEEDINGS{Malik99,
  title =	 {Textons, contours and regions: cue integration in
                  image segmentation},
  author =	 {J. Malik and S. Belongie and J. Shi and T. Leung},
  booktitle =	 ICCV1999,
  year =	 1999,
  volume =	 2,
  pages =	 {918--925},
}

@ARTICLE{Julesz81,
  author =	 {Julesz, B.},
  title =	 "{Textons, the elements of texture perception, and
                  their interactions}",
  journal =	 {Nature},
  year =	 1981,
  month =	 mar,
  volume =	 290,
  pages =	 {91-97},
  doi =		 {10.1038/290091a0},
  adsurl =	 {http://adsabs.harvard.edu/abs/1981Natur.290...91J},
  adsnote =	 {Provided by the SAO/NASA Astrophysics Data System}
}

@ARTICLE{Zhu02,
  author =	 {{S.-C.} Zhu and {C.-E.} Guo and Y. Wang and Z. Xu},
  title =	 {What are textons?},
  journal =	{IJCV},
  volumne =	 62,
  pages =	 {121-143},
  year =	 2005,
}

@INPROCEEDINGS{Zhang02,
  author =	 {Jana Koseck\`{a} and Wei Zhang},
  title =	 {Video Compass},
  booktitle =	ECCV,
  pages =	 {4: 476-490},
  publisher =	 {Springer},
  series =	 {Lecture Notes in Computer Science},
  volume =	 2353,
  year =	 2002,
}

@INPROCEEDINGS{Jebara03,
  author =	 {Tony Jebara},
  title =	 {Images as Bags of Pixels},
  booktitle =	 ICCV2003,
  pages =	 {265-272},
  year =	 2003,
}

@ARTICLE{Parzen62,
  title =	 {On Estimation of a Probability Density Function and
                  Mode},
  author =	 {Emanuel Parzen},
  journal =	 {The Annals of Mathematical Statistics},
  volume =	 33,
  number =	 3,
  pages =	 {1065--1076},
  year =	 1962,
  ISSN =	 00034851,
}
@ARTICLE{Dempster77,
  author =	 {A. P. Dempster, N. M. Laird and D. B. Rubin},
  title =	 {Maximum Likelihood from Incomplete Data via the EM Algorithm},
  journal =	 {Journal of the Royal Statistical Society},
  volume =	 39,
  number =	 1,
  pages =	 {1-38},
  year =	 1977
}

@ARTICLE{Schapire98,
  author =	 {Robert E. Schapire, Yoav Freund, Peter Bartlett and Wee Sun Lee},
  title =	 {Boosting the Margin: A New Explanation for the Effectiveness of Voting Methods},
  journal =	 {The Annals of Statistics},
  volume =	 26,
  number =	 5,
  pages =	 {1651-1686},
  year =	 1998
}

@INPROCEEDINGS{Mozos05,
  author =   {Mozos, O.M. and Stachniss, C. and Burgard, W.},
  title =    {Supervised Learning of Places from Range Data using
                  AdaBoost},
  booktitle = ICRA2005,
  year =      2005,
  pages =     {1730--1735},
}

@ARTICLE{Torralba03,
  author =	 {Antonio Torralba},
  title =	 {Contextual priming for object detection},
  journal =	 IJCV,
  volume =	 53,
  number =	 2,
  pages =	 {169--191},
  year =	 2003,
}

@INPROCEEDINGS{Hoiem05,
  author =	 {Derek Hoiem and Alexei A. Efros and Martial
                  H{\'{e}}bert},
  title =	 {Geometric context from a single image},
  booktitle =	ICCV,
  pages =	 {654--661},
  year =	 2005,
}

@INPROCEEDINGS{Heitz08,
  author =	 {Geremy Heitz and Daphne Koller},
  title =	 {Learning Spatial Context: Using Stuff to Find
                  Things},
  booktitle =	 ECCV2008,
  pages =	 {30--43},
  year =	 2008,
}

@INPROCEEDINGS{Hoiem06,
  author =	 {Derek Hoiem and Alexei A. Efros and Martial
                  H{\'{e}}bert},
  title =	 {Putting objects in perspective},
  booktitle =	 CVPR2006,
  pages =	 {2137--2144},
  year =	 2006,
}

@INPROCEEDINGS{Flint09,
  author =	 {Alex Flint and Ian Reid and David Murray},
  title =	 {Learning textons for real--time scene context},
  booktitle =	 CVPR2009,
  year =	 2009,
}

@INPROCEEDINGS{FlintCVPR10,
  author =	 {Alex Flint and Christopher Mei and Ian Reid and David Murray},
  title =	 {Growing semantically meaningful models for visual SLAM},
  booktitle =	 CVPR2010,
  year =	 2010,
}

@INPROCEEDINGS{FlintECCV10,
  author =	 {Alex Flint and Christopher Mei and Ian Reid and David Murray},
  title =	 {A dynamic programming approach to reconstructing building interiors},
  booktitle =	 ECCV2010,
  year =	 2010,
}

@INPROCEEDINGS{Schmid06,
  author =	 {S. Lazebnik and Cordelia Schmid and Jean Ponce},
  title =	 {Beyond bags of features: Spatial pyramid matching
                  for recognizing natural scene categories},
  booktitle =	 CVPR2006,
  volumne =	 2,
  pages =	 {2169--2178},
  year =	 2006,
}

@INPROCEEDINGS{Fei-fei04,
  author =	 {L. {Fei-Fei}, R. Fergus and P. Perona},
  title =	 {Learning generative visual models from few training
                  examples: an incremental {B}ayesian approach tested
                  on 101 object categories},
  booktitle =	 {Proc CVPR Workshop on Generative-Model Based Vision},
  pages =	 {2169--2178},
  year =	 2004,
}

@INPROCEEDINGS{Fei-fei05,
  author =	 {Li {Fei-Fei}},
  title =	 {A {B}ayesian hierarchical model for learning natural
                  scene categories},
  booktitle =	 CVPR2005,
  pages =	 {524--531},
  year =	 2005,
}

@ARTICLE{Azuma97,
  author =	 {Ronald T. Azuma},
  title =	 {A Survey of Augmented Reality},
  journal =	 {Presence},
  year =	 1997,
  volume =	 6,
  pages =	 {355--385}
}

@INCOLLECTION{Thrun02,
  author =	 {Sebastian Thrun},
  title =	 {Robotic mapping: A survey},
  booktitle =	 {Exploring Artificial Intelligence in the New
                  Millenium},
  editors =	 {G Lakemeyer and B Nebel},
  pages =	 {1--35},
  year =	 2002,
  publisher =	 {Morgan Kaufmann},
  address =	 {San Francisco CA, USA},
}

@INPROCEEDINGS{Sudderth05,
  author =	 {Erik B. Sudderth and Antonio Torralba and William
                  T. Freeman and Alan S. Willsky},
  title =	 {Learning hierarchical models of scenes, objects, and
                  parts},
  booktitle =	 ICCV2005,
  pages =	 {1331--1338},
  year =	 2005,
}

@ARTICLE{Oliva01,
  author =	 {Aude Oliva and Antonio Torralba},
  title =	 {Modeling the shape of the scene: A holistic
                  representation of the spatial envelope},
  journal =	 IJCV,
  volume =	 42,
  number =	 3,
  pages =	 {145--175},
  year =	 2001,
}

@article{Varma05,
  author =	 {Manik Varma and Andrew Zisserman},
  title =	 {A Statistical Approach to Texture Classification
                  from Single Images},
  journal =	 IJCV,
  volume =	 62,
  number =	 {1-2},
  pages =	 {61--81},
  year =	 2005,
  doi =		 {http://dx.doi.org/10.1007/s11263-005-4635-4},
  issn =	 {0920-5691},
}

@article{Leung01,
  author =	 {Thomas Leung and Jitendra Malik},
  title =	 {Representing and Recognizing the Visual Appearance
                  of Materials using Three-dimensional Textons},
  journal =	 IJCV,
  volume =	 43,
  number =	 1,
  pages =	 {29--44},
  year =	 2001,
  issn =	 {0920-5691},
  doi =		 {http://dx.doi.org/10.1023/A:1011126920638},
  publisher =	 {Kluwer Academic Publishers},
  address =	 {Hingham, MA, USA},
}

@INPROCEEDINGS{Malik99,
  title =	 {Textons, contours and regions: cue integration in
                  image segmentation},
  author =	 {J. Malik and S. Belongie and J. Shi and T. Leung},
  booktitle =	 ICCV1999,
  year =	 1999,
  volume =	 2,
  pages =	 {918--925},
}

@ARTICLE{Julesz81,
  author =	 {Julesz, B.},
  title =	 "{Textons, the elements of texture perception, and
                  their interactions}",
  journal =	 {Nature},
  year =	 1981,
  month =	 mar,
  volume =	 290,
  pages =	 {91-97},
  doi =		 {10.1038/290091a0},
  adsurl =	 {http://adsabs.harvard.edu/abs/1981Natur.290...91J},
  adsnote =	 {Provided by the SAO/NASA Astrophysics Data System}
}

@ARTICLE{Zhu02,
  author =	 {{S.-C.} Zhu and {C.-E.} Guo and Y. Wang and Z. Xu},
  title =	 {What are textons?},
  journal =	{IJCV},
  volumne =	 62,
  pages =	 {121-143},
  year =	 2005,
}

@INPROCEEDINGS{Jebara03,
  author =	 {Tony Jebara},
  title =	 {Images as Bags of Pixels},
  booktitle =	 ICCV2003,
  pages =	 {265-272},
  year =	 2003,
}

@ARTICLE{Parzen62,
  title =	 {On Estimation of a Probability Density Function and
                  Mode},
  author =	 {Emanuel Parzen},
  journal =	 {The Annals of Mathematical Statistics},
  volume =	 33,
  number =	 3,
  pages =	 {1065--1076},
  year =	 1962,
  ISSN =	 00034851,
}

@ARTICLE{Felzenszwalb04,
    title = {Efficient graph-based image segmentation},
    author = {Pedro F. Felzenszwalb and Daniel P. Huttenlocher},
    journal = {International Journal of Computer Vision},
    year = {2004},
    volume = {59},
    pages = {2004}
}

@inproceedings{Ding04,
  author = {Ding, Chris and He, Xiaofeng},
  title = {K-means clustering via principal component analysis},
  booktitle = {ICML '04: Proceedings of the twenty-first international conference on Machine learning},
  year = {2004},
  isbn = {1-58113-828-5},
  pages = {29},
  location = {Banff, Alberta, Canada},
  doi = {http://doi.acm.org/10.1145/1015330.1015408},
  publisher = {ACM},
  address = {New York, NY, USA},
}

@INPROCEEDINGS{Varma03,
  title={Texture classification: are filter banks necessary?},
  author={Varma, M. and Zisserman, A.},
  booktitle={Computer Vision and Pattern Recognition, 2003. Proceedings. 2003 IEEE Computer Society Conference on},
  year={2003},
  month={June},
  volume={2},
  number={},
  pages={ II-691-8 vol.2},
  doi={10.1109/CVPR.2003.1211534},
  ISSN={1063-6919 },
}

@INPROCEEDINGS{Ren03,
  title={Learning a classification model for segmentation},
  author={Ren, X. and Malik, J.},
  booktitle={Computer Vision, 2003. Proceedings. Ninth IEEE International Conference on},
  year={2003},
  month={Oct.},
  volume={},
  number={},
  pages={10-17 vol.1},
  doi={10.1109/ICCV.2003.1238308},
  ISSN={},
}

@article{Sarti02,
  author    = {A. Sarti and
               Ravi Malladi and
               James A. Sethian},
  title     = {Subjective Surfaces: A Geometric Model for Boundary Completion},
  journal   = {International Journal of Computer Vision},
  volume    = {46},
  number    = {3},
  year      = {2002},
  pages     = {201-221},
  bibsource = {DBLP, http://dblp.uni-trier.de}
}

@article{Saxena09,
  author = {Ashutosh Saxena and Min Sun and Andrew Y. Ng},
  title = {Make3D: Learning 3D Scene Structure from a Single Still Image},
  journal = PAMI,
  volume = {31},
  number = {5},
  issn = {0162-8828},
  year = {2009},
  pages = {824-840},
  doi = {http://doi.ieeecomputersociety.org/10.1109/TPAMI.2008.132},
  publisher = {IEEE Computer Society},
  address = {Los Alamitos, CA, USA},
}

@book{Schrijver98,
    author = {Schrijver, Alexander},
    isbn = {0471982326},
    month = {June},
    publisher = {{John Wiley \& Sons}},
    title = {Theory of Linear and Integer Programming},
    year = {1998}
}

@inproceedings{Lee09,
  author = {David Changsoo Lee and Martial Hebert and Takeo Kanade},
  title = {Geometric Reasoning for Single Image Structure Recovery},
  booktitle = CVPR,
  month = "June",
  year = "2009",
}

@INPROCEEDINGS{Coughlan99,
  title={Manhattan World: compass direction from a single image by Bayesian inference},
  author={Coughlan, J.M. and Yuille, A.L.},
  booktitle=CVPR,
  year={1999},
  month={},
  volume={2},
  number={},
  pages={941-947 vol.2},
  doi={10.1109/ICCV.1999.790349},
  ISSN={},
}

@INPROCEEDINGS{Stachniss05,
     author = {C. Stachniss and O. Martínez-Mozos and A. Rottmann and W. Burgard},
     title = {Semantic Labeling of Places},
     booktitle = {in Proceedings of the International Symposium on Robotics Research},
     year = {2005}
}

@INPROCEEDINGS{Buschka02,
  title={A virtual sensor for room detection},
  author={Buschka, P. and Saffiotti, A.},
  booktitle={Intelligent Robots and System, 2002. IEEE/RSJ International Conference on},
  year={2002},
  month={},
  volume={1},
  number={},
  pages={ 637-642 vol.1},
  doi={10.1109/IRDS.2002.1041463},
  ISSN={ },
}

@inproceedings{Kuipers02,
  author = {Kuipers, Benjamin and Beeson, Patrick},
  title = {Bootstrap learning for place recognition},
  booktitle = {Eighteenth national conference on Artificial intelligence},
  year = {2002},
  isbn = {0-262-51129-0},
  pages = {174--180},
  location = {Edmonton, Alberta, Canada},
  publisher = {American Association for Artificial Intelligence},
  address = {Menlo Park, CA, USA},
}

@article{Vasudevan07,
 author = {Vasudevan, Shrihari and G\"{a}chter, Stefan and Nguyen, Viet and Siegwart, Roland},
 title = {Cognitive maps for mobile robots-an object based approach},
 journal = {Robot. Auton. Syst.},
 volume = {55},
 number = {5},
 year = {2007},
 issn = {0921-8890},
 pages = {359--371},
 doi = {http://dx.doi.org/10.1016/j.robot.2006.12.008},
 publisher = {North-Holland Publishing Co.},
 address = {Amsterdam, The Netherlands, The Netherlands},
 }

@article{Murray95,
 author = {Murray, David W. and Bradshaw, Kevin J. and McLauchlan, Philip F. and Reid, Ian D. and Sharkey, Paul M.},
 title = {Driving saccade to pursuit using image motion},
 journal = {Int. J. Comput. Vision},
 volume = {16},
 number = {3},
 year = {1995},
 issn = {0920-5691},
 pages = {205--228},
 doi = {http://dx.doi.org/10.1007/BF01539627},
 publisher = {Kluwer Academic Publishers},
 address = {Hingham, MA, USA},
}

@article{Cummins08,
 author = {Cummins, Mark and Newman, Paul},
 title = {FAB-MAP: Probabilistic Localization and Mapping in the Space of Appearance},
 journal = {Int. J. Rob. Res.},
 volume = {27},
 number = {6},
 year = {2008},
 issn = {0278-3649},
 pages = {647--665},
 doi = {http://dx.doi.org/10.1177/0278364908090961},
 publisher = {Sage Publications, Inc.},
 address = {Thousand Oaks, CA, USA},
}

@article{Posner08,
 author = {Posner, Ingmar and Schroeter, Derik and Newman, Paul},
 title = {Online generation of scene descriptions in urban environments},
 journal = {Robot. Auton. Syst.},
 volume = {56},
 number = {11},
 year = {2008},
 issn = {0921-8890},
 pages = {901--914},
 doi = {http://dx.doi.org/10.1016/j.robot.2008.08.009},
 publisher = {North-Holland Publishing Co.},
 address = {Amsterdam, The Netherlands, The Netherlands},
}

@book{Vapnik95,
 author = {Vladimir Vapnik},
 title = {The Nature of Statistical Learning Theory},
 year = {1995},
 publisher = {Springer--Verlag},
 address = {New York}
}

@INPROCEEDINGS{Lowe99,
    author = {David Lowe},
    title = {Object Recognition from Local Scale-Invariant Features},
    booktitle = {},
    year = {1999},
    pages = {1150--1157}
}

@book{Bishop06,
 author = {Christopher Bishop},
 title = {Pattern Recognition and Machine Learning},
 year = {2006},
 isbn = {0387310738},
 publisher = {Springer},
}

@book{Lindeberg93,
 author = {Lindeberg, Tony},
 title = {Scale-Space Theory in Computer Vision},
 year = {1993},
 isbn = {0792326369},
 publisher = {Kluwer Academic Publishers},
 address = {Norwell, MA, USA},
}

@book{Chen00,
 author = {Chen, Ming--Hui and Shao, Qi--Man and Ibrahim, Joseph G.},
 title = {Monte Carlo Methods in Bayesian Computation},
 year = {2001},
 isbn = {978-0-387-98935-8},
 publisher = {Springer},
}

@inproceedings{Klein07,
  author =	 {Georg Klein and David Murray},
  title =	 {Parallel Tracking and Mapping for Small {AR} Workspaces},
  booktitle =	 {Proc. Sixth {IEEE} and {ACM} International Symposium
                  on Mixed and Augmented Reality {(ISMAR'07)}},
  year =	 2007,
  month =	 {November},
  address =	 {Nara, Japan}
}


@inproceedings{Kalman60,
  author =	 {R. E. Kalman},
  title =	 {A new approach to linear filtering and prediction problems},
  booktitle =	 {Journal of Basic Engineering},
  year =	 1960,
  month =	 {November},
}

@INPROCEEDINGS{Montemerlo02,
  AUTHOR         = {Montemerlo, M. and Thrun, S. and Koller, D. and 
                    Wegbreit, B.},
  TITLE          = {{FastSLAM}: {A} Factored Solution to the Simultaneous 
                    Localization and Mapping Problem},
  YEAR           = {2002},
  BOOKTITLE      = {Proceedings of the AAAI National Conference on 
                    Artificial Intelligence},
  PUBLISHER      = {AAAI},
  ADDRESS        = {Edmonton, Canada}
}

@book{Hartley04,
    author = "Hartley, R.~I. and Zisserman, A.",
    title = "Multiple View Geometry in Computer Vision",
    edition = "Second",
    year = "2004",
    publisher = "Cambridge University Press, ISBN: 0521540518"
}

@book{Forsyth02,
  author = "Forsyth, D.A. and Pnce, J",
  title = "Computer vision: A modern approach",
  year = "2002",
  publisher = "Prentice Hall"
}

@book{Gabor46,
    author = "D. Gabor",
    title = "Theory of Communication",
    year = "1946",
    publisher = "Institute of Electrical Engineering"
}

@article{Freeman91,
 author = {Freeman, William T. and Adelson, Edward H.},
 title = {The Design and Use of Steerable Filters},
 journal = {IEEE Trans. Pattern Anal. Mach. Intell.},
 volume = {13},
 number = {9},
 year = {1991},
 issn = {0162-8828},
 pages = {891--906},
 doi = {http://dx.doi.org/10.1109/34.93808},
 publisher = {IEEE Computer Society},
 address = {Washington, DC, USA},
}

@article{Smith87,
 author = {Smith, Randall C. and Cheeseman, Peter},
 title = {On the representation and estimation of spatial uncertainly},
 journal = {Int. J. Rob. Res.},
 volume = {5},
 number = {4},
 year = {1987},
 issn = {0278-3649},
 pages = {56--68},
 doi = {http://dx.doi.org/10.1177/027836498600500404},
 publisher = {Sage Publications, Inc.},
 address = {Thousand Oaks, CA, USA},
}

@book{Mackay02,
	author = {Mackay, David J. C.},
	isbn = {0521642981},
	publisher = {{Cambridge University Press}},
	title = {Information Theory, Inference, and Learning Algorithms},
	year = {2002}
}

@misc{VOC2009,
	author = "Everingham, M. and Van~Gool, L. and Williams, C. K. I. and Winn, J. and Zisserman, A.",
	title = "The {PASCAL} {V}isual {O}bject {C}lasses {C}hallenge 2009 {(VOC2009)} {R}esults",
	howpublished = "http://www.pascal-network.org/challenges/VOC/voc2009/workshop/index.html"
}

@inproceedings{Barinova08,
 author = {Barinova, O. and Konushin, V. and Yakubenko, A. and Lee, K. and Lim, H. and Konushin, A.},
 title = {Fast Automatic Single-View 3-d Reconstruction of Urban Scenes},
 booktitle = ECCV,
 year = {2008},
 isbn = {978-3-540-88685-3},
 pages = {100--113},
 location = {Marseille, France},
 doi = {http://dx.doi.org/10.1007/978-3-540-88688-4_8},
 }

@INPROCEEDINGS{Felzenszwalb10, 
title={Tiered Scene Labeling with Dynamic Programming}, 
author={Felzenszwalb, D. and Veksler, O.}, 
booktitle = CVPR2010, 
year={2010}, 
}

@INPROCEEDINGS{Dalal06,
    author = {Navneet Dalal and Bill Triggs and Cordelia Schmid},
    title = {Human detection using oriented histograms of flow and appearance},
    booktitle = {In European Conference on Computer Vision},
    year = {2006},
    publisher = {Springer}
}

@INPROCEEDINGS{Vanegas10, 
  author={Vanegas, C.A. and Aliaga, D.G. and Benes̆ and, B.}, 
  title={Building reconstruction using manhattan-world grammars}, 
  booktitle=CVPR2010,
  year=2010,
}﻿

@inproceedings{Gupta10,
   author = {Gupta, Abhinav and Efros, Alexei and Hebert, Martial},
   affiliation = {Robotics Institute, Carnegie Mellon University},
   title = {Blocks World Revisited: Image Understanding Using Qualitative Geometry and Mechanics},
   booktitle = ECCV2010,
   publisher = {Springer Berlin / Heidelberg},
   isbn = {},
   pages = {482-496},
   volume = {6314},
   url = {http://dx.doi.org/10.1007/978-3-642-15561-1_35},
   year = {2010}
}

@book{Roberts65,
	author = {Roberts, L.},
	publisher = {PhD Thesis},
	title = {Machine perception of 3--d solids},
	year = {1965}
}

@INPROCEEDINGS{Scharstein01,
  author =	 {Scharstein, D. and Szeleski, R.},
  title =	 {A taxonomy and evaluation of dense two--frame stereo correspondence algorithms},
  booktitle =	IJCV,
  year =	 2001,
}

@INPROCEEDINGS{Woodford01,
  author =	 {O. Woodford and P. Torr, I. Reid and A. Fitzgibbon},
  title =	 {Global stereo reconstruction under second order smoothness priors.},
  booktitle =	CVPR2008,
  year =	 2008,
}

@inproceedings{Sturgess09,
  author = {P. Sturgess amd K. Alahari amd L. Ladicky and P. H. S. Torr},
  title = {Combining Appearance and Structure from Motion Features for Road Scene Understanding},
  booktitle = BMVC2009,
  year = 2009,
}

@ARTICLE{Felzenszwalb2010, 
 author={Felzenszwalb, P.F. and Girshick, R.B. and McAllester, D. and Ramanan, D.}, 
 journal=TPAMI,
 title={Object Detection with Discriminatively Trained Part-Based Models}, 
 year=2010,
}
